<?xml version="1.0" encoding="UTF-8"?>
<record xmlns="http://www.loc.gov/MARC21/slim" xmlns:xsi="http://www.w3.org/2001/XMLSchema-instance" xsi:schemaLocation="http://www.loc.gov/MARC21/slim http://www.loc.gov/standards/marcxml/schema/MARC21slim.xsd">
<leader>     nam a2200253 a 4500</leader>
<controlfield tag="001">001689323</controlfield>
<controlfield tag="003">NNU</controlfield>
<controlfield tag="005">20070228170013.0</controlfield>
<controlfield tag="008">001215s1947    ua b     b    000 0 ara d</controlfield>
<datafield tag="035" ind1="9" ind2=" ">
<subfield code="a">NYUb12233679</subfield>
</datafield>
<datafield tag="035" ind1=" " ind2=" ">
<subfield code="a">(CStRLIN)NYUG00-B4153</subfield>
</datafield>
<datafield tag="040" ind1=" " ind2=" ">
<subfield code="a">NNU</subfield>
<subfield code="c">NNU</subfield>
</datafield>
<datafield tag="050" ind1=" " ind2=" ">
<subfield code="a">D743</subfield>
<subfield code="b">.S48</subfield>
</datafield>
<datafield tag="066" ind1=" " ind2=" ">
<subfield code="c">(3</subfield>
</datafield>
<datafield tag="090" ind1=" " ind2=" ">
<subfield code="a">D743</subfield>
<subfield code="b">.S48</subfield>
</datafield>
<datafield tag="100" ind1="1" ind2=" ">
<subfield code="6">880-01</subfield>
<subfield code="a">Shukrī, Muḥammad Fuʼād.</subfield>
</datafield>
<datafield tag="245" ind1="1" ind2="0">
<subfield code="6">880-02</subfield>
<subfield code="a">Dirāsah fī al-tārīkh al-Ūrūbī al-muʻāṣir :</subfield>
<subfield code="b">1939-1945 /</subfield>
<subfield code="c">Muḥammad Fuʼād Shukrī.</subfield>
</datafield>
<datafield tag="260" ind1=" " ind2=" ">
<subfield code="6">880-03</subfield>
<subfield code="a">al-Qāhirah :</subfield>
<subfield code="b">Dār al-Fikr al-ʻArabī,</subfield>
<subfield code="c">1947.</subfield>
</datafield>
<datafield tag="300" ind1=" " ind2=" ">
<subfield code="a">236 p. :</subfield>
<subfield code="b">maps ;</subfield>
<subfield code="c">23 cm.</subfield>
</datafield>
<datafield tag="504" ind1=" " ind2=" ">
<subfield code="a">Includes bibliographical references (p. [233]-236).</subfield>
</datafield>
<datafield tag="650" ind1=" " ind2="0">
<subfield code="a">World War, 1939-1945.</subfield>
</datafield>
<datafield tag="880" ind1="1" ind2=" ">
<subfield code="6">100-01/</subfield>
<subfield code="a">شكري، محمد فؤاد.</subfield>
</datafield>
<datafield tag="880" ind1="1" ind2="0">
<subfield code="6">245-02/</subfield>
<subfield code="a">دراسة في التاريخ الأروبي المعاصر :</subfield>
<subfield code="b">١٩٣٩-١٩٤٥ /</subfield>
<subfield code="c">محمد فؤاد شكري.</subfield>
</datafield>
<datafield tag="880" ind1=" " ind2=" ">
<subfield code="6">260-03/</subfield>
<subfield code="a">القاهرة :</subfield>
<subfield code="b">دار الفكر العربي،</subfield>
<subfield code="c">١٩٤٧.</subfield>
</datafield>
<datafield tag="OWN" ind1=" " ind2=" ">
<subfield code="a">GENERAL</subfield>
</datafield>
<datafield tag="998" ind1=" " ind2=" ">
<subfield code="a">20001215</subfield>
<subfield code="d">20001215</subfield>
<subfield code="n">NNU</subfield>
<subfield code="s">1</subfield>
<subfield code="t">c</subfield>
</datafield>
<datafield tag="AVA" ind1=" " ind2=" ">
<subfield code="a">NYU50</subfield>
<subfield code="b">BOBST</subfield>
<subfield code="c">Main Collection</subfield>
<subfield code="d">D743 .S48</subfield>
<subfield code="e">unavailable</subfield>
<subfield code="t">Unavailable</subfield>
<subfield code="f">1</subfield>
<subfield code="g">1</subfield>
<subfield code="h">N</subfield>
<subfield code="i">0</subfield>
<subfield code="j">MAIN</subfield>
<subfield code="k">0</subfield>
</datafield>
</record>
